@article{henderson:1980,
  author = "Henderson, H. V. and Searle S. R.",
  title = "{On Deriving the Inverse of a Sum of Matrices}",
  year = "1980",
  journal = "Biometrics Unit Technical Reports",
  issue = "Number BU-647-M",
  url = "http://hdl.handle.net/1813/32750",
}

@article{zivkovic:2013,
  author = "\v{Z}ivkovi\'{c}, T.",
  title = "{LU-decomposition of tridiagonal and cyclic tridiagonal matrices}",
  year = "2013",
  journal = "Osje\v{c}ki matemati\v{c}ki list",
  volume = "12",
  pages = "153-168",
  irl = "https://hrcak.srce.hr/100527"
}
